@article{Shima_et_al_2009,
  title = {The super‐droplet method for the numerical simulation of clouds and precipitation: a particle‐based and probabilistic microphysics model coupled with a non‐hydrostatic model},
  journal = {Q. J. Royal Meteorol. Soc.},
  author = {Shima, S. and Kusano, K. and Kawano, A. and Sugiyama, T. and Kawahara, S.},
  year = {2009},
  doi = {10.1002/qj.441}
}

@misc{ThrustRTC,
  author = {Yang, F.},
  title = {ThrustRTC: CUDA tool set for non-{C}++ languages that provides similar functionality like {T}hrust, with NVRTC at its core},
  year = {2020},
  publisher = {GitHub},
  journal = {GitHub repository},
  url = {https://github.com/fynv/thrustrtc}
}

@inproceedings{Numba,
  author = {Lam, S.K. and Pitrou, A. and Seibert, S.},
  title = {Numba: A LLVM-Based Python JIT Compiler},
  year = {2015},
  doi = {10.1145/2833157.2833162},
  booktitle = {Proceedings of the Second Workshop on the LLVM Compiler Infrastructure in HPC},
  location = {Austin, Texas}
}

@article{Arabas_and_Shima_2017,
  author = {Arabas, S. and Shima, S.},
  title = {On the CCN (de)activation~nonlinearities},
  journal = {Nonlin. Process. Geophys.},
  year = {2017},
  doi = {10.5194/npg-24-535-2017}
}

@article{Arabas_et_al_2015,
  author = {Arabas, S. and Jaruga, A. and Pawlowska, H. and Grabowski, W. W.},
  title = {{l}ibcloudph++ 1.0: a single-moment bulk, double-moment bulk, and particle-based warm-rain microphysics library in {C}++},
  journal = {Geosci. Model Dev.},
  year = {2015},
  doi = {10.5194/gmd-8-1677-2015}
}

@article{Berry_1966,
  author = {Berry, E.X.},
  year = {1966},
  journal = {J. Atmos. Sci.},
  title = {Cloud Droplet Growth by Collection},
  doi = {10.1175/1520-0469(1967)024<0688:CDGBC>2.0.CO;2}
}

@article{Yang_et_al_2018,
  author = {Yang, F. and Kollias, P. and Shaw, R. A. and Vogelmann, A. M.},
  title = {Cloud droplet size distribution broadening during diffusional growth: ripening amplified by deactivation and reactivation},
  journal = {Atmos. Chem. Phys.},
  year = {2018},
  doi = {10.5194/acp-18-7313-2018}
}

@article{Rothenberg_and_Wang_2017,
  title = {An aerosol activation metamodel of v1.2.0 of the pyrcel cloud parcel model: development and offline assessment for use in an aerosol–climate model},
  author = {Rothenberg, D. and Wang, C.},
  journal = {Geosci. Model. Dev.},
  year = {2017},
  doi = {10.5194/gmd-10-1817-2017}
}

@article{Topping_et_al_2018,
  title = {{PyBox}: An automated box-model generator for atmospheric chemistry and aerosol simulations},
  author = {Topping, D. and Connolly, P. and Reid, J.},
  year = {2018},
  doi = {10.21105/joss.00755},
  journal = {J. Open Source Soft.}
}

@article{Sato_et_al_2018,
  year = {2018},
  journal = {J. Adv. Model. Earth Syst.},
  author = {Sato, Y. and Shima, S. and Tomita, H.},
  title = {Numerical Convergence of Shallow Convection Cloud Field Simulations: Comparison Between Double‐Moment {E}ulerian and Particle‐Based {L}agrangian Microphysics Coupled to the Same Dynamical Core},
  doi = {10.1029/2018MS001285}
}

@article{Unterstrasser_et_al_2020,
  author = {Unterstrasser, S. and Hoffmann, F. and Lerch, M.},
  title = {Collisional growth in a particle-based cloud microphysical model: insights from column model simulations using {LCM1D} (v1.0)},
  journal = {Geosci. Model Dev.},
  year = {2020},
  doi = {10.5194/gmd-13-5119-2020}
}

@article{Maronga_et_al_2020,
  author = {Maronga, B. and Banzhaf, S. and Burmeister, C. and Esch, T. and Forkel, R. and Fröhlich, D. and Fuka, V. and Gehrke, K. and Geletič, J. and Giersch, S. and Gronemeier, T. and Groß, G. and Heldens, W. and Hellsten, A. and Hoffmann, F. and Inagaki, A. and Kadasch, E. and Kanani-Sühring, F. and Ketelsen, K. and Raasch, S.},
  year = {2020},
  title = {Overview of the {PALM} model system 6.0},
  journal = {Geosci. Model Dev.},
  doi = {10.5194/gmd-13-1335-2020}
}

@article{Li_et_al_2017,
  title = {Eulerian and Lagrangian approaches to multidimensional condensation and collection},
  author = {Li, X.‐Y. and Brandenburg, A. and Haugen, N. E. L. and Svensson, G.},
  journal = {J. Adv. Model. Earth Syst.},
  doi = {10.1002/2017MS000930},
  year = {2017}
}

@article{Jarecka_et_al_2015,
  author = {Jarecka, D. and Arabas, S. and Del Vento, D.},
  title = {Python bindings for libcloudph++},
  journal = {ArXiv e-prints},
  archivePrefix = "arXiv",
  eprint = {1504.01161},
  year = {2015}
}

@article{Jaruga_and_Pawlowska_2018,
  author = {Jaruga, A. and Pawlowska, H.},
  title = {{l}ibcloudph++ 2.0: aqueous-phase chemistry extension of the particle-based cloud microphysics scheme}, 
  journal = {Geosci. Model Dev.}, 
  doi = {10.5194/gmd-11-3623-2018},
  year = {2018}
}

@article{Bartman_and_Arabas_2021,
  author = {Bartman, P. and Arabas, S.},
  title = {On the design of {M}onte-{C}arlo particle coagulation solver interface: a CPU/GPU Super-Droplet Method case study with PySDM},
  doi = {10.1007/978-3-030-77964-1_2},
  year = {2021},
  journal = {Lect. Notes Comput. Sci.},
  volume = {12743}
}

@article{Shipway_and_Hill_2012,
  author = {Shipway, B.J. and Hill, A.A.},
  title = {Diagnosis of systematic differences between multiple parametrizations of warm rain microphysics using a kinematic framework},
  journal = {Q. J. Royal Meteorol. Soc.},
  year = {2012},
  doi = {10.1002/qj.1913}
}

@article{Kreidenweis_et_al_2003,
  title = {Modification of aerosol mass and size distribution due to aqueous‐phase SO$_2$ oxidation in clouds: Comparisons of several models},
  author = {Kreidenweis, S.M. and Walcek, C.J. and Feingold, G. and Gong, W. and Jacobson, M.Z. and Kim, C.H. and Liu, X. and Penner, J.E. and Nenes, A. and Seinfeld, J.H.},
  year = {2003},
  doi = {10.1029/2002JD002673},
  journal = {J. Geophys. Res.}
}

@article{Richter_et_al_2021,
  author = {Richter, D.H. and MacMillan, T. and Wainwright, C.},
  title = {A {L}agrangian Cloud Model for the Study of Marine Fog},
  journal = {Boundary-Layer Meteorol.},
  doi = {10.1007/s10546-020-00595-w},
  year = {2021}
}

@misc{Bartman_et_al_2021,
  author = {Bartman, P. and Banaśkiewicz, J. and Drenda, S. and Manna, M. and Olesik, M. and Rozwoda, P. and Sadowski, M. and Arabas, S.},
  year = {2021},
  title = {PyMPDATA v1: Numba-accelerated implementation of MPDATA with examples in {P}ython, {J}ulia and {M}atlab},
  journal = {J. Open Source Soft. (subm.)},
  url = {https://github.com/atmos-cloud-sim-uj/PyMPDATA}
}

@article{Smolarkiewicz_2006,
    title = {Multidimensional positive definite advection transport algorithm: an overview.},
    author = {Smolarkiewicz, P. K.},
    journal = {Int. J. Numer. Methods Fluids},
    year = {2006},
    doi = {10.1002/fld.1071}
}

@article{Morrison_et_al_2020,
  author = {Morrison, H. and van Lier-Walqui, M. and Fridlind, A.M. and Grabowski, W.W. and Harrington, J.Y. and Hoose, C. and Korolev, A. and Kumjian, M.R. and Milbrandt, J.A. and Pawlowska, H. and Posselt, D.J. and Prat, O.P. and Reimel, K.J. and Shima, S. and van Diedenhoven, B. and Xue, L.},
  title = {Confronting the Challenge of Modeling Cloud and Precipitation Microphysics},
  journal = {J. Adv. Model. Earth Syst.},
  doi = {10.1029/2019MS001689},
  year = {2020}
}

@article{Pencil_2021,
  doi = {10.21105/joss.02807},
  year = {2021},
  author = {Axel Brandenburg and Anders Johansen and Philippe A. Bourdin and Wolfgang Dobler and Wladimir Lyra and Matthias Rheinhardt and Sven Bingert and Nils Erland L. Haugen and Antony Mee and Frederick Gent and Natalia Babkovskaia and Chao-Chin Yang and Tobias Heinemann and Boris Dintrans and Dhrubaditya Mitra and Simon Candelaresi and Jörn Warnecke and Petri J. Käpylä and Andreas Schreiber and Piyali Chatterjee and Maarit J. Käpylä and Xiang-Yu Li and Jonas Krüger and Jørgen R. Aarnes and Graeme R. Sarson and Jeffrey S. Oishi and Jennifer Schober and Raphaël Plasson and Christer Sandin and Ewa Karchniwy and Luiz Felippe S. Rodrigues and Alexander Hubbard and Gustavo Guerrero and Andrew Snodin and Illa R. Losada and Johannes Pekkilä and Chengeng Qian},
  title = {The {P}encil {C}ode, a modular MPI code for partial differential equations and particles: multipurpose and multiuser-maintained},
  journal = {J. Open Source Soft.}
}

@article{Lowe_et_al_2019,
  doi = {10.1038/s41467-019-12982-0},
  year = {2019},
  author = {Lowe, S.J. and Partridge, D.G. and Davies, J.F. and Wilson, K.R. and Topping, D. and Riipinen, I.},
  title = {Key drivers of cloud response to surface-active organics},
  journal = {Nature Comm.}
}

@article{Morrison_and_Grabowski_2007,
  doi = {10.1175/JAS3980},
  year = {2007},
  author = {Morrison, H. and Grabowski, W.W.},
  title = {Comparison of Bulk and Bin Warm-Rain Microphysics Models Using a Kinematic Framework},
  journal = {J. Atmos. Sci.}
}
